<record><leader>00000cas a2200000 a 4500</leader><controlfield tag="001">8807269</controlfield><controlfield tag="008">820925d18281841inuwr ne      0    0eng  </controlfield><datafield ind1=" " ind2=" " tag="010"><subfield code="a">sn 82015011 </subfield></datafield><datafield ind1=" " ind2=" " tag="040"><subfield code="a">DLC</subfield><subfield code="b">eng</subfield><subfield code="c">DLC</subfield><subfield code="d">NPX</subfield><subfield code="d">NPU</subfield><subfield code="d">NPI</subfield><subfield code="d">DLC</subfield><subfield code="d">NVF</subfield><subfield code="d">OCL</subfield><subfield code="d">IUL</subfield><subfield code="d">OCLCQ</subfield><subfield code="d">OCLCF</subfield></datafield><datafield ind1="1" ind2=" " tag="029"><subfield code="a">AU@</subfield><subfield code="b">000025825866</subfield></datafield><datafield ind1=" " ind2=" " tag="042"><subfield code="a">pcc</subfield></datafield><datafield ind1=" " ind2=" " tag="043"><subfield code="a">n-us-in</subfield></datafield><datafield ind1="0" ind2="0" tag="050"><subfield code="a">Newspaper 7701-X</subfield></datafield><datafield ind1="0" ind2=" " tag="130"><subfield code="a">Disseminator (New Harmony, Ind.)</subfield></datafield><datafield ind1="1" ind2="4" tag="245"><subfield code="a">The disseminator.</subfield></datafield><datafield ind1="1" ind2="3" tag="246"><subfield code="a">Disseminator of useful knowledge</subfield></datafield><datafield ind1=" " ind2=" " tag="260"><subfield code="a">New Harmony, Ind. :</subfield><subfield code="b">[William Maclure]</subfield></datafield><datafield ind1=" " ind2=" " tag="300"><subfield code="a">v. ;</subfield><subfield code="c">21-36 cm.</subfield></datafield><datafield ind1=" " ind2=" " tag="310"><subfield code="a">Weekly,</subfield><subfield code="b">1834-</subfield></datafield><datafield ind1=" " ind2=" " tag="321"><subfield code="a">Semimonthly,</subfield><subfield code="b">1828-1830</subfield></datafield><datafield ind1="0" ind2=" " tag="362"><subfield code="a">Vol. 1, no. 1 (Jan. 16, 1828)-v. 3, no. 9 (May 12, 1830) ; vol. 1, no. 1 (June 20, 1830)-v. 1, no. 52 (June 25, 1831) ; New ser. v. 1, no. 1 (June 18, 1834)-</subfield></datafield><datafield ind1="1" ind2=" " tag="362"><subfield code="a">Ceased in 1841?</subfield></datafield><datafield ind1=" " ind2=" " tag="500"><subfield code="a">Publisher's name recorded in Miller, J.W. Ind. newspaper bibliography.</subfield></datafield><datafield ind1=" " ind2=" " tag="500"><subfield code="a">Publishers: William Maclure, &lt;1828&gt;; Marie D. Fretageot, &lt;1828&gt;-1831; Thomas Say, &lt;1831&gt;; William Maclure, &lt;1839&gt;-1840.</subfield></datafield><datafield ind1=" " ind2=" " tag="550"><subfield code="a">"Containing hints to the youth of the United States-from the School of Industry."</subfield></datafield><datafield ind1=" " ind2=" " tag="588"><subfield code="a">Latest issue consulted: New ser., v. 2, no. 52 (June 25, 1836).</subfield></datafield><datafield ind1=" " ind2="0" tag="651"><subfield code="a">New Harmony (Ind.)</subfield><subfield code="v">Newspapers.</subfield></datafield><datafield ind1=" " ind2="0" tag="651"><subfield code="a">Posey County (Ind.)</subfield><subfield code="v">Newspapers.</subfield></datafield><datafield ind1=" " ind2="7" tag="655"><subfield code="a">Newspapers.</subfield><subfield code="2">fast</subfield><subfield code="0">(OCoLC)fst01423814</subfield></datafield><datafield ind1=" " ind2="7" tag="651"><subfield code="a">Indiana</subfield><subfield code="z">New Harmony.</subfield><subfield code="2">fast</subfield><subfield code="0">(OCoLC)fst01208248</subfield></datafield><datafield ind1=" " ind2="7" tag="651"><subfield code="a">Indiana</subfield><subfield code="z">Posey County.</subfield><subfield code="2">fast</subfield><subfield code="0">(OCoLC)fst01206935</subfield></datafield><datafield ind1="1" ind2=" " tag="700"><subfield code="a">Maclure, William,</subfield><subfield code="d">1763-1840.</subfield></datafield><datafield ind1="1" ind2=" " tag="700"><subfield code="a">Fretageot, Marie Duclos,</subfield><subfield code="d">1783-1833.</subfield></datafield><datafield ind1="1" ind2=" " tag="700"><subfield code="a">Say, Thomas,</subfield><subfield code="d">1787-1834.</subfield></datafield><datafield ind1="2" ind2=" " tag="710"><subfield code="a">School of Industry (New Harmony, Ind.)</subfield></datafield><datafield ind1=" " ind2=" " tag="752"><subfield code="a">United States</subfield><subfield code="b">Indiana</subfield><subfield code="c">Posey</subfield><subfield code="d">New Harmony.</subfield></datafield><datafield ind1="0" ind2="8" tag="776"><subfield code="i">Online version:</subfield><subfield code="t">Disseminator (New Harmony, Ind.)</subfield><subfield code="w">(OCoLC)459796011</subfield></datafield></record>